@article{pennock2003creationism,
  title={Creationism and intelligent design},
  author={Pennock, Robert T},
  journal={Annual Review of Genomics and Human Genetics},
  volume={4},
  number={1},
  pages={143--163},
  year={2003},
  publisher={Annual Reviews 4139 El Camino Way, PO Box 10139, Palo Alto, CA 94303-0139, USA}
}
@book{walton2010arguments,
  title={Arguments from ignorance},
  author={Walton, Douglas},
  year={2010},
  publisher={Penn State Press}
}
@article{walton1992nonfallacious,
	title={Nonfallacious arguments from ignorance},
	author={Walton, Douglas},
	journal={American philosophical quarterly},
	volume={29},
	number={4},
	pages={381--387},
	year={1992},
	publisher={JSTOR}
}
