@article{pennock2003creationism,
  title={Creationism and intelligent design},
  author={Pennock, Robert T},
  journal={Annual Review of Genomics and Human Genetics},
  volume={4},
  number={1},
  pages={143--163},
  year={2003},
  publisher={Annual Reviews 4139 El Camino Way, PO Box 10139, Palo Alto, CA 94303-0139, USA}
}
